@article{higginbotham:1984,
  jstor_articletype = {research-article},
  title = {English Is Not a Context-Free Language},
  author = {Higginbotham, James},
  journal = "Linguistic Inquiry",
  volume = 15,
  number = 2,
  jstor_formatteddate = {Spring, 1984},
  pages = {pp. 225-234},
  url = {http://www.jstor.org/stable/4178381},
  ISSN = 00243892,
  language = {English},
  year = 1984,
  publisher = {The MIT Press},
  copyright = {Copyright © 1984 The MIT Press},
}

@String{grammarsource = {http://www2.sis.pitt.edu/~is2420/class-notes/3.pdf}}
