@Book{bird09:nltk,
  author = 	 {Steven Bird and Edward Loper and Ewan Klein},
  title = 	 {Natural Language Processing with Python},
  publisher = 	 {O'Reilly Media Inc.},
  year = 	 2009}

@inproceedings{elson10:extracting-social-networks,
 author = {Elson, David K. and Dames, Nicholas and McKeown, Kathleen
                  R.},
 title = {Extracting social networks from literary fiction},
 booktitle = {Proceedings of the 48th Annual Meeting of the
                  Association for Computational Linguistics},
 series = {ACL '10},
 year = {2010},
 location = {Uppsala, Sweden},
 pages = {138--147},
 numpages = {10},
 url = {http://dl.acm.org/citation.cfm?id=1858681.1858696},
 acmid = {1858696},
 publisher = {Association for Computational Linguistics},
 address = {Stroudsburg, PA, USA},
} 

@inproceedings{Inniss06:nlp-bioapplications,
 author = {Inniss, Tasha R. and Lee, John R. and Light, Marc and
                  Grassi, Michael A. and Thomas, George and Williams,
                  Andrew B.},
 title = {Towards applying text mining and natural language processing
                  for biomedical ontology acquisition},
 booktitle = {Proceedings of the 1st international workshop on text
                  mining in bioinformatics},
 series = {TMBIO '06},
 year = {2006},
 isbn = {1-59593-526-6},
 location = {Arlington, Virginia, USA},
 pages = {7--14},
 numpages = {8},
 url = {http://doi.acm.org/10.1145/1183535.1183539},
 doi = {10.1145/1183535.1183539},
 acmid = {1183539},
 publisher = {ACM},
 address = {New York, NY, USA},
 keywords = {information extraction, natural language processing
                  (NLP), ontology, text mining},
}

@article{lapata05:web-nlp,
 author = {Lapata, Mirella and Keller, Frank},
 title = {Web-based models for natural language processing},
 journal = {ACM Trans. Speech Lang. Process.},
 issue_date = {February 2005},
 volume = {2},
 number = {1},
 month = feb,
 year = {2005},
 issn = {1550-4875},
 articleno = {3},
 url = {http://doi.acm.org/10.1145/1075389.1075392},
 doi = {10.1145/1075389.1075392},
 acmid = {1075392},
 publisher = {ACM},
 address = {New York, NY, USA},
 keywords = {n-gram models, Web counts, evaluation},
}

@article{church95:commerical-nlp,
 author = {Church, Kenneth W. and Rau, Lisa F.},
 title = {Commercial applications of natural language processing},
 journal = {Commun. ACM},
 issue_date = {Nov. 1995},
 volume = {38},
 number = {11},
 month = nov,
 year = {1995},
 issn = {0001-0782},
 pages = {71--79},
 numpages = {9},
 url = {http://doi.acm.org/10.1145/219717.219778},
 doi = {10.1145/219717.219778},
 acmid = {219778},
 publisher = {ACM},
 address = {New York, NY, USA},
} 

@article{shaket77:shrdlu,
 author = {Shaket, Efraim},
 title = {Fuzzy semantics for a natural-like language defined over a
                  world of blocks},
 journal = {SIGART Bull.},
 issue_date = {February 1977},
 number = {61},
 month = feb,
 year = {1977},
 issn = {0163-5719},
 pages = {51--51},
 numpages = {1},
 url = {http://doi.acm.org/10.1145/1045283.1045322},
 doi = {10.1145/1045283.1045322},
 acmid = {1045322},
 publisher = {ACM},
 address = {New York, NY, USA},
}

@article{gray12:wolfram,
 author = {Gray, James},
 title = {Interview with {Dr. Stephen Wolfram}},
 journal = {Linux J.},
 issue_date = {February 2012},
 volume = {2012},
 number = {214},
 month = feb,
 year = {2012},
 issn = {1075-3583},
 articleno = {5},
 url = {http://dl.acm.org/citation.cfm?id=2157096.2157101},
 acmid = {2157101},
 publisher = {Belltown Media},
 address = {Houston, TX},
}

@inproceedings{bird08:nltk,
 author = {Bird, Steven and Klein, Ewan and Loper, Edward and
                  Baldridge, Jason},
 title = {Multidisciplinary instruction with the {Natural Language
                  Toolkit}},
 booktitle = {Proceedings of the Third Workshop on Issues in Teaching
                  Computational Linguistics},
 series = {TeachCL '08},
 year = 2008,
 isbn = {978-1-932432-14-5},
 location = {Columbus, Ohio},
 pages = {62--70},
 numpages = 9,
 url = {http://dl.acm.org/citation.cfm?id=1627306.1627317},
 acmid = 1627317,
 publisher = {Association for Computational Linguistics},
 address = {Stroudsburg, PA, USA},
}

@article{ferrucci11:watson,
 author = {Ferrucci, David A.},
 title = {{IBM}'s {Watson/DeepQA}},
 journal = {SIGARCH Comput. Archit. News},
 issue_date = {June 2011},
 volume = {39},
 number = {3},
 month = jun,
 year = {2011},
 issn = {0163-5964},
 url = {http://doi.acm.org/10.1145/2024723.2019525},
 doi = {10.1145/2024723.2019525},
 acmid = {2019525},
 publisher = {ACM},
 address = {New York, NY, USA},
}

@inproceedings{kammerer12:google,
 author = {Kammerer, Yvonne and Bohnacker, Maja},
 title = {Children's web search with {Google}: the effectiveness of
                  natural language queries},
 booktitle = {Proceedings of the 11th International Conference on
                  Interaction Design and Children},
 series = {IDC '12},
 year = {2012},
 isbn = {978-1-4503-1007-9},
 location = {Bremen, Germany},
 pages = {184--187},
 numpages = {4},
 url = {http://doi.acm.org/10.1145/2307096.2307121},
 doi = {10.1145/2307096.2307121},
 acmid = {2307121},
 publisher = {ACM},
 address = {New York, NY, USA},
 keywords = {children, information-seeking behavior, query
                  formulation, search engine, search results, typing,
                  world wide web},
} 